<?xml version="1.0" encoding="UTF-8"?><record xmlns="http://www.loc.gov/MARC21/slim" xmlns:cinclude="http://apache.org/cocoon/include/1.0" xmlns:zs="http://www.loc.gov/zing/srw/">
  <leader>00943cz  a2200229n  4500</leader>
  <controlfield tag="001">n  87869178 </controlfield>
  <controlfield tag="003">DLC</controlfield>
  <controlfield tag="005">20120731082105.0</controlfield>
  <controlfield tag="008">871222n| acannaabn          |a aaa     c</controlfield>
  <datafield tag="010" ind1=" " ind2=" ">
    <subfield code="a">n  87869178 </subfield>
  </datafield>
  <datafield tag="035" ind1=" " ind2=" ">
    <subfield code="a">(OCoLC)oca02170537</subfield>
  </datafield>
  <datafield tag="040" ind1=" " ind2=" ">
    <subfield code="a">MdU</subfield>
    <subfield code="b">eng</subfield>
    <subfield code="c">DLC</subfield>
    <subfield code="d">DLC</subfield>
    <subfield code="d">OCoLC</subfield>
    <subfield code="d">DLC</subfield>
  </datafield>
  <datafield tag="046" ind1=" " ind2=" ">
    <subfield code="f">1771</subfield>
    <subfield code="g">1840</subfield>
  </datafield>
  <datafield tag="100" ind1="1" ind2=" ">
    <subfield code="a">Pfyffer d'Altishofen,</subfield>
    <subfield code="c">colonel</subfield>
    <subfield code="q">(Charles),</subfield>
    <subfield code="d">1771-1840</subfield>
  </datafield>
  <datafield tag="378" ind1=" " ind2=" ">
    <subfield code="q">Charles</subfield>
  </datafield>
  <datafield tag="400" ind1="1" ind2=" ">
    <subfield code="a">Altishofen, Pfyffer d',</subfield>
    <subfield code="c">colonel</subfield>
    <subfield code="q">(Charles),</subfield>
    <subfield code="d">1771-1840</subfield>
  </datafield>
  <datafield tag="400" ind1="1" ind2=" ">
    <subfield code="a">D'Altishofen, Pfyffer,</subfield>
    <subfield code="c">colonel</subfield>
    <subfield code="q">(Charles),</subfield>
    <subfield code="d">1771-1840</subfield>
  </datafield>
  <datafield tag="400" ind1="1" ind2=" ">
    <subfield code="a">Pfyffer d'Altishofen, Charles,</subfield>
    <subfield code="d">1771-1840</subfield>
  </datafield>
  <datafield tag="667" ind1=" " ind2=" ">
    <subfield code="a">THIS 1XX FIELD CANNOT BE USED UNDER RDA UNTIL THIS RECORD HAS BEEN REVIEWED AND/OR UPDATED</subfield>
  </datafield>
  <datafield tag="670" ind1=" " ind2=" ">
    <subfield code="a">His Récit de la conduite du régiment des Gardes suisses à la journée du 10 août 1792, 1824:</subfield>
    <subfield code="b">t.p. (le colonel Pfyffer d'Altishofen)</subfield>
  </datafield>
  <datafield tag="670" ind1=" " ind2=" ">
    <subfield code="a">NUC pre-56</subfield>
    <subfield code="b">(Pfyffer d'Altishofen, Charles, 1771-1840)</subfield>
  </datafield>
  <datafield tag="675" ind1=" " ind2=" ">
    <subfield code="a">Michaud.</subfield>
  </datafield>
</record>